%YAML 1.1
%TAG !u! tag:unity3d.com,2011:
--- !u!1 &108216
GameObject:
  m_ObjectHideFlags: 0
  m_PrefabParentObject: {fileID: 0}
  m_PrefabInternal: {fileID: 100100000}
  serializedVersion: 5
  m_Component:
  - component: {fileID: 482912}
  - component: {fileID: 3363398}
  - component: {fileID: 2342196}
  - component: {fileID: 11490480}
  m_Layer: 8
  m_Name: CP_D_MAIN_GEO
  m_TagString: Untagged
  m_Icon: {fileID: 0}
  m_NavMeshLayer: 0
  m_StaticEditorFlags: 0
  m_IsActive: 1
--- !u!1 &111280
GameObject:
  m_ObjectHideFlags: 0
  m_PrefabParentObject: {fileID: 0}
  m_PrefabInternal: {fileID: 100100000}
  serializedVersion: 5
  m_Component:
  - component: {fileID: 420062}
  - component: {fileID: 3325778}
  - component: {fileID: 2331270}
  - component: {fileID: 11435308}
  m_Layer: 8
  m_Name: CP_G_PIED_GEO
  m_TagString: Untagged
  m_Icon: {fileID: 0}
  m_NavMeshLayer: 0
  m_StaticEditorFlags: 0
  m_IsActive: 1
--- !u!1 &118634
GameObject:
  m_ObjectHideFlags: 0
  m_PrefabParentObject: {fileID: 0}
  m_PrefabInternal: {fileID: 100100000}
  serializedVersion: 5
  m_Component:
  - component: {fileID: 464778}
  - component: {fileID: 3305100}
  - component: {fileID: 2305252}
  - component: {fileID: 11420068}
  m_Layer: 8
  m_Name: CP_G_BRAS_GEO
  m_TagString: Untagged
  m_Icon: {fileID: 0}
  m_NavMeshLayer: 0
  m_StaticEditorFlags: 0
  m_IsActive: 1
--- !u!1 &120124
GameObject:
  m_ObjectHideFlags: 0
  m_PrefabParentObject: {fileID: 0}
  m_PrefabInternal: {fileID: 100100000}
  serializedVersion: 5
  m_Component:
  - component: {fileID: 400812}
  - component: {fileID: 3319268}
  - component: {fileID: 2312984}
  - component: {fileID: 11430968}
  m_Layer: 8
  m_Name: CP_TETE_GEO
  m_TagString: Untagged
  m_Icon: {fileID: 0}
  m_NavMeshLayer: 0
  m_StaticEditorFlags: 0
  m_IsActive: 1
--- !u!1 &141484
GameObject:
  m_ObjectHideFlags: 0
  m_PrefabParentObject: {fileID: 0}
  m_PrefabInternal: {fileID: 100100000}
  serializedVersion: 5
  m_Component:
  - component: {fileID: 417676}
  - component: {fileID: 3334170}
  - component: {fileID: 2310946}
  - component: {fileID: 11425312}
  m_Layer: 8
  m_Name: CP_G_MOLLET_GEO
  m_TagString: Untagged
  m_Icon: {fileID: 0}
  m_NavMeshLayer: 0
  m_StaticEditorFlags: 0
  m_IsActive: 1
--- !u!1 &142862
GameObject:
  m_ObjectHideFlags: 0
  m_PrefabParentObject: {fileID: 0}
  m_PrefabInternal: {fileID: 100100000}
  serializedVersion: 5
  m_Component:
  - component: {fileID: 478826}
  - component: {fileID: 3322862}
  - component: {fileID: 2335044}
  - component: {fileID: 11401178}
  m_Layer: 8
  m_Name: CP_D_MOLLET_GEO
  m_TagString: Untagged
  m_Icon: {fileID: 0}
  m_NavMeshLayer: 0
  m_StaticEditorFlags: 0
  m_IsActive: 1
--- !u!1 &145044
GameObject:
  m_ObjectHideFlags: 0
  m_PrefabParentObject: {fileID: 0}
  m_PrefabInternal: {fileID: 100100000}
  serializedVersion: 5
  m_Component:
  - component: {fileID: 412666}
  - component: {fileID: 11426144}
  m_Layer: 8
  m_Name: CHARACTER_PUPPET_CTRL
  m_TagString: Untagged
  m_Icon: {fileID: 0}
  m_NavMeshLayer: 0
  m_StaticEditorFlags: 0
  m_IsActive: 1
--- !u!1 &155798
GameObject:
  m_ObjectHideFlags: 0
  m_PrefabParentObject: {fileID: 0}
  m_PrefabInternal: {fileID: 100100000}
  serializedVersion: 5
  m_Component:
  - component: {fileID: 441230}
  - component: {fileID: 3333834}
  - component: {fileID: 2342872}
  - component: {fileID: 11494476}
  m_Layer: 8
  m_Name: CP_D_BRAS_GEO
  m_TagString: Untagged
  m_Icon: {fileID: 0}
  m_NavMeshLayer: 0
  m_StaticEditorFlags: 0
  m_IsActive: 1
--- !u!1 &157026
GameObject:
  m_ObjectHideFlags: 0
  m_PrefabParentObject: {fileID: 0}
  m_PrefabInternal: {fileID: 100100000}
  serializedVersion: 5
  m_Component:
  - component: {fileID: 430176}
  - component: {fileID: 3335732}
  - component: {fileID: 2332166}
  - component: {fileID: 11468700}
  m_Layer: 8
  m_Name: CP_G_MAIN_GEO
  m_TagString: Untagged
  m_Icon: {fileID: 0}
  m_NavMeshLayer: 0
  m_StaticEditorFlags: 0
  m_IsActive: 1
--- !u!1 &157976
GameObject:
  m_ObjectHideFlags: 0
  m_PrefabParentObject: {fileID: 0}
  m_PrefabInternal: {fileID: 100100000}
  serializedVersion: 5
  m_Component:
  - component: {fileID: 419970}
  - component: {fileID: 3369144}
  - component: {fileID: 2348504}
  - component: {fileID: 11475306}
  m_Layer: 8
  m_Name: CP_D_CUISSE_GEO
  m_TagString: Untagged
  m_Icon: {fileID: 0}
  m_NavMeshLayer: 0
  m_StaticEditorFlags: 0
  m_IsActive: 1
--- !u!1 &164254
GameObject:
  m_ObjectHideFlags: 0
  m_PrefabParentObject: {fileID: 0}
  m_PrefabInternal: {fileID: 100100000}
  serializedVersion: 5
  m_Component:
  - component: {fileID: 440650}
  - component: {fileID: 3372980}
  - component: {fileID: 2316740}
  - component: {fileID: 11460504}
  m_Layer: 8
  m_Name: CP_D_PIED_GEO
  m_TagString: Untagged
  m_Icon: {fileID: 0}
  m_NavMeshLayer: 0
  m_StaticEditorFlags: 0
  m_IsActive: 1
--- !u!1 &171932
GameObject:
  m_ObjectHideFlags: 0
  m_PrefabParentObject: {fileID: 0}
  m_PrefabInternal: {fileID: 100100000}
  serializedVersion: 5
  m_Component:
  - component: {fileID: 453300}
  - component: {fileID: 3391214}
  - component: {fileID: 2350468}
  - component: {fileID: 11411484}
  m_Layer: 8
  m_Name: CP_G_TRONC_GEO
  m_TagString: Untagged
  m_Icon: {fileID: 0}
  m_NavMeshLayer: 0
  m_StaticEditorFlags: 0
  m_IsActive: 1
--- !u!1 &181758
GameObject:
  m_ObjectHideFlags: 0
  m_PrefabParentObject: {fileID: 0}
  m_PrefabInternal: {fileID: 100100000}
  serializedVersion: 5
  m_Component:
  - component: {fileID: 467172}
  - component: {fileID: 3372118}
  - component: {fileID: 2398708}
  - component: {fileID: 11411370}
  m_Layer: 8
  m_Name: CP_CHEVEUX_GEO
  m_TagString: Untagged
  m_Icon: {fileID: 0}
  m_NavMeshLayer: 0
  m_StaticEditorFlags: 0
  m_IsActive: 1
--- !u!1 &183308
GameObject:
  m_ObjectHideFlags: 0
  m_PrefabParentObject: {fileID: 0}
  m_PrefabInternal: {fileID: 100100000}
  serializedVersion: 5
  m_Component:
  - component: {fileID: 445740}
  - component: {fileID: 3388424}
  - component: {fileID: 2380072}
  - component: {fileID: 11478668}
  m_Layer: 8
  m_Name: CP_G_ABRAS_GEO
  m_TagString: Untagged
  m_Icon: {fileID: 0}
  m_NavMeshLayer: 0
  m_StaticEditorFlags: 0
  m_IsActive: 1
--- !u!1 &183534
GameObject:
  m_ObjectHideFlags: 0
  m_PrefabParentObject: {fileID: 0}
  m_PrefabInternal: {fileID: 100100000}
  serializedVersion: 5
  m_Component:
  - component: {fileID: 422798}
  - component: {fileID: 3316498}
  - component: {fileID: 2380906}
  - component: {fileID: 11437460}
  m_Layer: 8
  m_Name: CP_G_CUISSE_GEO
  m_TagString: Untagged
  m_Icon: {fileID: 0}
  m_NavMeshLayer: 0
  m_StaticEditorFlags: 0
  m_IsActive: 1
--- !u!1 &195240
GameObject:
  m_ObjectHideFlags: 0
  m_PrefabParentObject: {fileID: 0}
  m_PrefabInternal: {fileID: 100100000}
  serializedVersion: 5
  m_Component:
  - component: {fileID: 428964}
  - component: {fileID: 3354100}
  - component: {fileID: 2368668}
  - component: {fileID: 11452848}
  m_Layer: 8
  m_Name: CP_D_ABRAS_GEO
  m_TagString: Untagged
  m_Icon: {fileID: 0}
  m_NavMeshLayer: 0
  m_StaticEditorFlags: 0
  m_IsActive: 1
--- !u!1 &196828
GameObject:
  m_ObjectHideFlags: 0
  m_PrefabParentObject: {fileID: 0}
  m_PrefabInternal: {fileID: 100100000}
  serializedVersion: 5
  m_Component:
  - component: {fileID: 459762}
  - component: {fileID: 3387082}
  - component: {fileID: 2316746}
  - component: {fileID: 11416202}
  m_Layer: 8
  m_Name: CP_COU_GEO
  m_TagString: Untagged
  m_Icon: {fileID: 0}
  m_NavMeshLayer: 0
  m_StaticEditorFlags: 0
  m_IsActive: 1
--- !u!4 &400812
Transform:
  m_ObjectHideFlags: 1
  m_PrefabParentObject: {fileID: 0}
  m_PrefabInternal: {fileID: 100100000}
  m_GameObject: {fileID: 120124}
  m_LocalRotation: {x: 0, y: 0, z: 0, w: 1}
  m_LocalPosition: {x: 0, y: 2.055, z: 0}
  m_LocalScale: {x: 1, y: 1, z: 1}
  m_Children: []
  m_Father: {fileID: 412666}
  m_RootOrder: 6
  m_LocalEulerAnglesHint: {x: 0, y: 0, z: 0}
--- !u!4 &412666
Transform:
  m_ObjectHideFlags: 1
  m_PrefabParentObject: {fileID: 0}
  m_PrefabInternal: {fileID: 100100000}
  m_GameObject: {fileID: 145044}
  m_LocalRotation: {x: 0, y: 0, z: 0, w: 1}
  m_LocalPosition: {x: 0, y: 0, z: 0}
  m_LocalScale: {x: 1, y: 1, z: 1}
  m_Children:
  - {fileID: 441230}
  - {fileID: 428964}
  - {fileID: 482912}
  - {fileID: 419970}
  - {fileID: 478826}
  - {fileID: 440650}
  - {fileID: 400812}
  - {fileID: 467172}
  - {fileID: 453300}
  - {fileID: 459762}
  - {fileID: 422798}
  - {fileID: 417676}
  - {fileID: 420062}
  - {fileID: 464778}
  - {fileID: 445740}
  - {fileID: 430176}
  m_Father: {fileID: 0}
  m_RootOrder: 0
  m_LocalEulerAnglesHint: {x: 0, y: 0, z: 0}
--- !u!4 &417676
Transform:
  m_ObjectHideFlags: 1
  m_PrefabParentObject: {fileID: 0}
  m_PrefabInternal: {fileID: 100100000}
  m_GameObject: {fileID: 141484}
  m_LocalRotation: {x: 0, y: 0, z: 0, w: 1}
  m_LocalPosition: {x: 0.026, y: -2.595, z: 0}
  m_LocalScale: {x: 1, y: 1, z: 1}
  m_Children: []
  m_Father: {fileID: 412666}
  m_RootOrder: 11
  m_LocalEulerAnglesHint: {x: 0, y: 0, z: 0}
--- !u!4 &419970
Transform:
  m_ObjectHideFlags: 1
  m_PrefabParentObject: {fileID: 0}
  m_PrefabInternal: {fileID: 100100000}
  m_GameObject: {fileID: 157976}
  m_LocalRotation: {x: 0, y: 0, z: 0, w: 1}
  m_LocalPosition: {x: 0.125, y: -1.86, z: 0}
  m_LocalScale: {x: 1, y: 1, z: 1}
  m_Children: []
  m_Father: {fileID: 412666}
  m_RootOrder: 3
  m_LocalEulerAnglesHint: {x: 0, y: 0, z: 0}
--- !u!4 &420062
Transform:
  m_ObjectHideFlags: 1
  m_PrefabParentObject: {fileID: 0}
  m_PrefabInternal: {fileID: 100100000}
  m_GameObject: {fileID: 111280}
  m_LocalRotation: {x: 0, y: 0, z: 0, w: 1}
  m_LocalPosition: {x: 0.16999999, y: -3.1, z: 0}
  m_LocalScale: {x: 1, y: 1, z: 1}
  m_Children: []
  m_Father: {fileID: 412666}
  m_RootOrder: 12
  m_LocalEulerAnglesHint: {x: 0, y: 0, z: 0}
--- !u!4 &422798
Transform:
  m_ObjectHideFlags: 1
  m_PrefabParentObject: {fileID: 0}
  m_PrefabInternal: {fileID: 100100000}
  m_GameObject: {fileID: 183534}
  m_LocalRotation: {x: 0, y: 0, z: 0, w: 1}
  m_LocalPosition: {x: 0.125, y: -1.86, z: 0}
  m_LocalScale: {x: 1, y: 1, z: 1}
  m_Children: []
  m_Father: {fileID: 412666}
  m_RootOrder: 10
  m_LocalEulerAnglesHint: {x: 0, y: 0, z: 0}
--- !u!4 &428964
Transform:
  m_ObjectHideFlags: 1
  m_PrefabParentObject: {fileID: 0}
  m_PrefabInternal: {fileID: 100100000}
  m_GameObject: {fileID: 195240}
  m_LocalRotation: {x: 0, y: 0, z: 0, w: 1}
  m_LocalPosition: {x: -0.13, y: -0.96000004, z: 0}
  m_LocalScale: {x: 1, y: 1, z: 1}
  m_Children: []
  m_Father: {fileID: 412666}
  m_RootOrder: 1
  m_LocalEulerAnglesHint: {x: 0, y: 0, z: 0}
--- !u!4 &430176
Transform:
  m_ObjectHideFlags: 1
  m_PrefabParentObject: {fileID: 0}
  m_PrefabInternal: {fileID: 100100000}
  m_GameObject: {fileID: 157026}
  m_LocalRotation: {x: 0, y: 0, z: 0, w: 1}
  m_LocalPosition: {x: -0.11, y: -1.46, z: 0}
  m_LocalScale: {x: 1, y: 1, z: 1}
  m_Children: []
  m_Father: {fileID: 412666}
  m_RootOrder: 15
  m_LocalEulerAnglesHint: {x: 0, y: 0, z: 0}
--- !u!4 &440650
Transform:
  m_ObjectHideFlags: 1
  m_PrefabParentObject: {fileID: 0}
  m_PrefabInternal: {fileID: 100100000}
  m_GameObject: {fileID: 164254}
  m_LocalRotation: {x: 0, y: 0, z: 0, w: 1}
  m_LocalPosition: {x: 0.16999999, y: -3.1, z: 0}
  m_LocalScale: {x: 1, y: 1, z: 1}
  m_Children: []
  m_Father: {fileID: 412666}
  m_RootOrder: 5
  m_LocalEulerAnglesHint: {x: 0, y: 0, z: 0}
--- !u!4 &441230
Transform:
  m_ObjectHideFlags: 1
  m_PrefabParentObject: {fileID: 0}
  m_PrefabInternal: {fileID: 100100000}
  m_GameObject: {fileID: 155798}
  m_LocalRotation: {x: 0, y: 0, z: 0, w: 1}
  m_LocalPosition: {x: -0.1, y: -0.04, z: 0}
  m_LocalScale: {x: 1, y: 1, z: 1}
  m_Children: []
  m_Father: {fileID: 412666}
  m_RootOrder: 0
  m_LocalEulerAnglesHint: {x: 0, y: 0, z: 0}
--- !u!4 &445740
Transform:
  m_ObjectHideFlags: 1
  m_PrefabParentObject: {fileID: 0}
  m_PrefabInternal: {fileID: 100100000}
  m_GameObject: {fileID: 183308}
  m_LocalRotation: {x: 0, y: 0, z: 0, w: 1}
  m_LocalPosition: {x: -0.13, y: -0.96000004, z: 0}
  m_LocalScale: {x: 1, y: 1, z: 1}
  m_Children: []
  m_Father: {fileID: 412666}
  m_RootOrder: 14
  m_LocalEulerAnglesHint: {x: 0, y: 0, z: 0}
--- !u!4 &453300
Transform:
  m_ObjectHideFlags: 1
  m_PrefabParentObject: {fileID: 0}
  m_PrefabInternal: {fileID: 100100000}
  m_GameObject: {fileID: 171932}
  m_LocalRotation: {x: 0, y: 0, z: 0, w: 1}
  m_LocalPosition: {x: 0.16, y: -0.61, z: 0}
  m_LocalScale: {x: 1, y: 1, z: 1}
  m_Children: []
  m_Father: {fileID: 412666}
  m_RootOrder: 8
  m_LocalEulerAnglesHint: {x: 0, y: 0, z: 0}
--- !u!4 &459762
Transform:
  m_ObjectHideFlags: 1
  m_PrefabParentObject: {fileID: 0}
  m_PrefabInternal: {fileID: 100100000}
  m_GameObject: {fileID: 196828}
  m_LocalRotation: {x: 0, y: 0, z: 0, w: 1}
  m_LocalPosition: {x: 0.062, y: 0.96800005, z: 0}
  m_LocalScale: {x: 1, y: 1, z: 1}
  m_Children: []
  m_Father: {fileID: 412666}
  m_RootOrder: 9
  m_LocalEulerAnglesHint: {x: 0, y: 0, z: 0}
--- !u!4 &464778
Transform:
  m_ObjectHideFlags: 1
  m_PrefabParentObject: {fileID: 0}
  m_PrefabInternal: {fileID: 100100000}
  m_GameObject: {fileID: 118634}
  m_LocalRotation: {x: 0, y: 0, z: 0, w: 1}
  m_LocalPosition: {x: -0.1, y: -0.04, z: 0}
  m_LocalScale: {x: 1, y: 1, z: 1}
  m_Children: []
  m_Father: {fileID: 412666}
  m_RootOrder: 13
  m_LocalEulerAnglesHint: {x: 0, y: 0, z: 0}
--- !u!4 &467172
Transform:
  m_ObjectHideFlags: 1
  m_PrefabParentObject: {fileID: 0}
  m_PrefabInternal: {fileID: 100100000}
  m_GameObject: {fileID: 181758}
  m_LocalRotation: {x: 0, y: 0, z: 0, w: 1}
  m_LocalPosition: {x: 0.0020000003, y: 2.0700002, z: 0}
  m_LocalScale: {x: 1, y: 1, z: 1}
  m_Children: []
  m_Father: {fileID: 412666}
  m_RootOrder: 7
  m_LocalEulerAnglesHint: {x: 0, y: 0, z: 0}
--- !u!4 &478826
Transform:
  m_ObjectHideFlags: 1
  m_PrefabParentObject: {fileID: 0}
  m_PrefabInternal: {fileID: 100100000}
  m_GameObject: {fileID: 142862}
  m_LocalRotation: {x: 0, y: 0, z: 0, w: 1}
  m_LocalPosition: {x: 0.026, y: -2.595, z: 0}
  m_LocalScale: {x: 1, y: 1, z: 1}
  m_Children: []
  m_Father: {fileID: 412666}
  m_RootOrder: 4
  m_LocalEulerAnglesHint: {x: 0, y: 0, z: 0}
--- !u!4 &482912
Transform:
  m_ObjectHideFlags: 1
  m_PrefabParentObject: {fileID: 0}
  m_PrefabInternal: {fileID: 100100000}
  m_GameObject: {fileID: 108216}
  m_LocalRotation: {x: 0, y: 0, z: 0, w: 1}
  m_LocalPosition: {x: -0.11, y: -1.46, z: 0}
  m_LocalScale: {x: 1, y: 1, z: 1}
  m_Children: []
  m_Father: {fileID: 412666}
  m_RootOrder: 2
  m_LocalEulerAnglesHint: {x: 0, y: 0, z: 0}
--- !u!23 &2305252
MeshRenderer:
  m_ObjectHideFlags: 1
  m_PrefabParentObject: {fileID: 0}
  m_PrefabInternal: {fileID: 100100000}
  m_GameObject: {fileID: 118634}
  m_Enabled: 1
  m_CastShadows: 1
  m_ReceiveShadows: 1
  m_MotionVectors: 1
  m_LightProbeUsage: 1
  m_ReflectionProbeUsage: 1
  m_Materials:
  - {fileID: 2100000, guid: 0e39c61108375c14f8db9f9277d4f3d4, type: 2}
  m_StaticBatchInfo:
    firstSubMesh: 0
    subMeshCount: 0
  m_StaticBatchRoot: {fileID: 0}
  m_ProbeAnchor: {fileID: 0}
  m_LightProbeVolumeOverride: {fileID: 0}
  m_ScaleInLightmap: 1
  m_PreserveUVs: 0
  m_IgnoreNormalsForChartDetection: 0
  m_ImportantGI: 0
  m_SelectedEditorRenderState: 3
  m_MinimumChartSize: 4
  m_AutoUVMaxDistance: 0.5
  m_AutoUVMaxAngle: 89
  m_LightmapParameters: {fileID: 0}
  m_SortingLayerID: 0
  m_SortingLayer: 0
  m_SortingOrder: -1
--- !u!23 &2310946
MeshRenderer:
  m_ObjectHideFlags: 1
  m_PrefabParentObject: {fileID: 0}
  m_PrefabInternal: {fileID: 100100000}
  m_GameObject: {fileID: 141484}
  m_Enabled: 1
  m_CastShadows: 1
  m_ReceiveShadows: 1
  m_MotionVectors: 1
  m_LightProbeUsage: 1
  m_ReflectionProbeUsage: 1
  m_Materials:
  - {fileID: 2100000, guid: 079eec06b296d0947b1c2e0405f06af2, type: 2}
  m_StaticBatchInfo:
    firstSubMesh: 0
    subMeshCount: 0
  m_StaticBatchRoot: {fileID: 0}
  m_ProbeAnchor: {fileID: 0}
  m_LightProbeVolumeOverride: {fileID: 0}
  m_ScaleInLightmap: 1
  m_PreserveUVs: 0
  m_IgnoreNormalsForChartDetection: 0
  m_ImportantGI: 0
  m_SelectedEditorRenderState: 3
  m_MinimumChartSize: 4
  m_AutoUVMaxDistance: 0.5
  m_AutoUVMaxAngle: 89
  m_LightmapParameters: {fileID: 0}
  m_SortingLayerID: 0
  m_SortingLayer: 0
  m_SortingOrder: -2
--- !u!23 &2312984
MeshRenderer:
  m_ObjectHideFlags: 1
  m_PrefabParentObject: {fileID: 0}
  m_PrefabInternal: {fileID: 100100000}
  m_GameObject: {fileID: 120124}
  m_Enabled: 1
  m_CastShadows: 1
  m_ReceiveShadows: 1
  m_MotionVectors: 1
  m_LightProbeUsage: 1
  m_ReflectionProbeUsage: 1
  m_Materials:
  - {fileID: 2100000, guid: 07ac2d00ba5236543a9f4cd8b2959eea, type: 2}
  m_StaticBatchInfo:
    firstSubMesh: 0
    subMeshCount: 0
  m_StaticBatchRoot: {fileID: 0}
  m_ProbeAnchor: {fileID: 0}
  m_LightProbeVolumeOverride: {fileID: 0}
  m_ScaleInLightmap: 1
  m_PreserveUVs: 0
  m_IgnoreNormalsForChartDetection: 0
  m_ImportantGI: 0
  m_SelectedEditorRenderState: 3
  m_MinimumChartSize: 4
  m_AutoUVMaxDistance: 0.5
  m_AutoUVMaxAngle: 89
  m_LightmapParameters: {fileID: 0}
  m_SortingLayerID: 0
  m_SortingLayer: 0
  m_SortingOrder: 1
--- !u!23 &2316740
MeshRenderer:
  m_ObjectHideFlags: 1
  m_PrefabParentObject: {fileID: 0}
  m_PrefabInternal: {fileID: 100100000}
  m_GameObject: {fileID: 164254}
  m_Enabled: 1
  m_CastShadows: 1
  m_ReceiveShadows: 1
  m_MotionVectors: 1
  m_LightProbeUsage: 1
  m_ReflectionProbeUsage: 1
  m_Materials:
  - {fileID: 2100000, guid: 799d3e2fb54ce8c4596b73be3f70a35e, type: 2}
  m_StaticBatchInfo:
    firstSubMesh: 0
    subMeshCount: 0
  m_StaticBatchRoot: {fileID: 0}
  m_ProbeAnchor: {fileID: 0}
  m_LightProbeVolumeOverride: {fileID: 0}
  m_ScaleInLightmap: 1
  m_PreserveUVs: 0
  m_IgnoreNormalsForChartDetection: 0
  m_ImportantGI: 0
  m_SelectedEditorRenderState: 3
  m_MinimumChartSize: 4
  m_AutoUVMaxDistance: 0.5
  m_AutoUVMaxAngle: 89
  m_LightmapParameters: {fileID: 0}
  m_SortingLayerID: 0
  m_SortingLayer: 0
  m_SortingOrder: 1
--- !u!23 &2316746
MeshRenderer:
  m_ObjectHideFlags: 1
  m_PrefabParentObject: {fileID: 0}
  m_PrefabInternal: {fileID: 100100000}
  m_GameObject: {fileID: 196828}
  m_Enabled: 1
  m_CastShadows: 1
  m_ReceiveShadows: 1
  m_MotionVectors: 1
  m_LightProbeUsage: 1
  m_ReflectionProbeUsage: 1
  m_Materials:
  - {fileID: 2100000, guid: a5872452c07311a43b8b600f5f1952a0, type: 2}
  m_StaticBatchInfo:
    firstSubMesh: 0
    subMeshCount: 0
  m_StaticBatchRoot: {fileID: 0}
  m_ProbeAnchor: {fileID: 0}
  m_LightProbeVolumeOverride: {fileID: 0}
  m_ScaleInLightmap: 1
  m_PreserveUVs: 0
  m_IgnoreNormalsForChartDetection: 0
  m_ImportantGI: 0
  m_SelectedEditorRenderState: 3
  m_MinimumChartSize: 4
  m_AutoUVMaxDistance: 0.5
  m_AutoUVMaxAngle: 89
  m_LightmapParameters: {fileID: 0}
  m_SortingLayerID: 0
  m_SortingLayer: 0
  m_SortingOrder: 0
--- !u!23 &2331270
MeshRenderer:
  m_ObjectHideFlags: 1
  m_PrefabParentObject: {fileID: 0}
  m_PrefabInternal: {fileID: 100100000}
  m_GameObject: {fileID: 111280}
  m_Enabled: 1
  m_CastShadows: 1
  m_ReceiveShadows: 1
  m_MotionVectors: 1
  m_LightProbeUsage: 1
  m_ReflectionProbeUsage: 1
  m_Materials:
  - {fileID: 2100000, guid: d3ad1f324d519954d873af795e270cc4, type: 2}
  m_StaticBatchInfo:
    firstSubMesh: 0
    subMeshCount: 0
  m_StaticBatchRoot: {fileID: 0}
  m_ProbeAnchor: {fileID: 0}
  m_LightProbeVolumeOverride: {fileID: 0}
  m_ScaleInLightmap: 1
  m_PreserveUVs: 0
  m_IgnoreNormalsForChartDetection: 0
  m_ImportantGI: 0
  m_SelectedEditorRenderState: 3
  m_MinimumChartSize: 4
  m_AutoUVMaxDistance: 0.5
  m_AutoUVMaxAngle: 89
  m_LightmapParameters: {fileID: 0}
  m_SortingLayerID: 0
  m_SortingLayer: 0
  m_SortingOrder: -2
--- !u!23 &2332166
MeshRenderer:
  m_ObjectHideFlags: 1
  m_PrefabParentObject: {fileID: 0}
  m_PrefabInternal: {fileID: 100100000}
  m_GameObject: {fileID: 157026}
  m_Enabled: 1
  m_CastShadows: 1
  m_ReceiveShadows: 1
  m_MotionVectors: 1
  m_LightProbeUsage: 1
  m_ReflectionProbeUsage: 1
  m_Materials:
  - {fileID: 2100000, guid: c910a9f43b145de409cae574db4950a2, type: 2}
  m_StaticBatchInfo:
    firstSubMesh: 0
    subMeshCount: 0
  m_StaticBatchRoot: {fileID: 0}
  m_ProbeAnchor: {fileID: 0}
  m_LightProbeVolumeOverride: {fileID: 0}
  m_ScaleInLightmap: 1
  m_PreserveUVs: 0
  m_IgnoreNormalsForChartDetection: 0
  m_ImportantGI: 0
  m_SelectedEditorRenderState: 3
  m_MinimumChartSize: 4
  m_AutoUVMaxDistance: 0.5
  m_AutoUVMaxAngle: 89
  m_LightmapParameters: {fileID: 0}
  m_SortingLayerID: 0
  m_SortingLayer: 0
  m_SortingOrder: -2
--- !u!23 &2335044
MeshRenderer:
  m_ObjectHideFlags: 1
  m_PrefabParentObject: {fileID: 0}
  m_PrefabInternal: {fileID: 100100000}
  m_GameObject: {fileID: 142862}
  m_Enabled: 1
  m_CastShadows: 1
  m_ReceiveShadows: 1
  m_MotionVectors: 1
  m_LightProbeUsage: 1
  m_ReflectionProbeUsage: 1
  m_Materials:
  - {fileID: 2100000, guid: 7afbaa0f32d4a494499425a42ba5a580, type: 2}
  m_StaticBatchInfo:
    firstSubMesh: 0
    subMeshCount: 0
  m_StaticBatchRoot: {fileID: 0}
  m_ProbeAnchor: {fileID: 0}
  m_LightProbeVolumeOverride: {fileID: 0}
  m_ScaleInLightmap: 1
  m_PreserveUVs: 0
  m_IgnoreNormalsForChartDetection: 0
  m_ImportantGI: 0
  m_SelectedEditorRenderState: 3
  m_MinimumChartSize: 4
  m_AutoUVMaxDistance: 0.5
  m_AutoUVMaxAngle: 89
  m_LightmapParameters: {fileID: 0}
  m_SortingLayerID: 0
  m_SortingLayer: 0
  m_SortingOrder: 1
--- !u!23 &2342196
MeshRenderer:
  m_ObjectHideFlags: 1
  m_PrefabParentObject: {fileID: 0}
  m_PrefabInternal: {fileID: 100100000}
  m_GameObject: {fileID: 108216}
  m_Enabled: 1
  m_CastShadows: 1
  m_ReceiveShadows: 1
  m_MotionVectors: 1
  m_LightProbeUsage: 1
  m_ReflectionProbeUsage: 1
  m_Materials:
  - {fileID: 2100000, guid: a968924ed5752af428f30b12b3e8ad37, type: 2}
  m_StaticBatchInfo:
    firstSubMesh: 0
    subMeshCount: 0
  m_StaticBatchRoot: {fileID: 0}
  m_ProbeAnchor: {fileID: 0}
  m_LightProbeVolumeOverride: {fileID: 0}
  m_ScaleInLightmap: 1
  m_PreserveUVs: 0
  m_IgnoreNormalsForChartDetection: 0
  m_ImportantGI: 0
  m_SelectedEditorRenderState: 3
  m_MinimumChartSize: 4
  m_AutoUVMaxDistance: 0.5
  m_AutoUVMaxAngle: 89
  m_LightmapParameters: {fileID: 0}
  m_SortingLayerID: 0
  m_SortingLayer: 0
  m_SortingOrder: 3
--- !u!23 &2342872
MeshRenderer:
  m_ObjectHideFlags: 1
  m_PrefabParentObject: {fileID: 0}
  m_PrefabInternal: {fileID: 100100000}
  m_GameObject: {fileID: 155798}
  m_Enabled: 1
  m_CastShadows: 1
  m_ReceiveShadows: 1
  m_MotionVectors: 1
  m_LightProbeUsage: 1
  m_ReflectionProbeUsage: 1
  m_Materials:
  - {fileID: 2100000, guid: 23805edc2991b704bbd77bf5b429d7c3, type: 2}
  m_StaticBatchInfo:
    firstSubMesh: 0
    subMeshCount: 0
  m_StaticBatchRoot: {fileID: 0}
  m_ProbeAnchor: {fileID: 0}
  m_LightProbeVolumeOverride: {fileID: 0}
  m_ScaleInLightmap: 1
  m_PreserveUVs: 0
  m_IgnoreNormalsForChartDetection: 0
  m_ImportantGI: 0
  m_SelectedEditorRenderState: 3
  m_MinimumChartSize: 4
  m_AutoUVMaxDistance: 0.5
  m_AutoUVMaxAngle: 89
  m_LightmapParameters: {fileID: 0}
  m_SortingLayerID: 0
  m_SortingLayer: 0
  m_SortingOrder: 4
--- !u!23 &2348504
MeshRenderer:
  m_ObjectHideFlags: 1
  m_PrefabParentObject: {fileID: 0}
  m_PrefabInternal: {fileID: 100100000}
  m_GameObject: {fileID: 157976}
  m_Enabled: 1
  m_CastShadows: 1
  m_ReceiveShadows: 1
  m_MotionVectors: 1
  m_LightProbeUsage: 1
  m_ReflectionProbeUsage: 1
  m_Materials:
  - {fileID: 2100000, guid: 62100b82df082af4e8f67ac240b09d5a, type: 2}
  m_StaticBatchInfo:
    firstSubMesh: 0
    subMeshCount: 0
  m_StaticBatchRoot: {fileID: 0}
  m_ProbeAnchor: {fileID: 0}
  m_LightProbeVolumeOverride: {fileID: 0}
  m_ScaleInLightmap: 1
  m_PreserveUVs: 0
  m_IgnoreNormalsForChartDetection: 0
  m_ImportantGI: 0
  m_SelectedEditorRenderState: 3
  m_MinimumChartSize: 4
  m_AutoUVMaxDistance: 0.5
  m_AutoUVMaxAngle: 89
  m_LightmapParameters: {fileID: 0}
  m_SortingLayerID: 0
  m_SortingLayer: 0
  m_SortingOrder: 2
--- !u!23 &2350468
MeshRenderer:
  m_ObjectHideFlags: 1
  m_PrefabParentObject: {fileID: 0}
  m_PrefabInternal: {fileID: 100100000}
  m_GameObject: {fileID: 171932}
  m_Enabled: 1
  m_CastShadows: 1
  m_ReceiveShadows: 1
  m_MotionVectors: 1
  m_LightProbeUsage: 1
  m_ReflectionProbeUsage: 1
  m_Materials:
  - {fileID: 2100000, guid: 9ec52df2ecb32f84aad7cc159ab55399, type: 2}
  m_StaticBatchInfo:
    firstSubMesh: 0
    subMeshCount: 0
  m_StaticBatchRoot: {fileID: 0}
  m_ProbeAnchor: {fileID: 0}
  m_LightProbeVolumeOverride: {fileID: 0}
  m_ScaleInLightmap: 1
  m_PreserveUVs: 0
  m_IgnoreNormalsForChartDetection: 0
  m_ImportantGI: 0
  m_SelectedEditorRenderState: 3
  m_MinimumChartSize: 4
  m_AutoUVMaxDistance: 0.5
  m_AutoUVMaxAngle: 89
  m_LightmapParameters: {fileID: 0}
  m_SortingLayerID: 0
  m_SortingLayer: 0
  m_SortingOrder: 1
--- !u!23 &2368668
MeshRenderer:
  m_ObjectHideFlags: 1
  m_PrefabParentObject: {fileID: 0}
  m_PrefabInternal: {fileID: 100100000}
  m_GameObject: {fileID: 195240}
  m_Enabled: 1
  m_CastShadows: 1
  m_ReceiveShadows: 1
  m_MotionVectors: 1
  m_LightProbeUsage: 1
  m_ReflectionProbeUsage: 1
  m_Materials:
  - {fileID: 2100000, guid: f6e0f8f741ab0da40ba37d62f20e2274, type: 2}
  m_StaticBatchInfo:
    firstSubMesh: 0
    subMeshCount: 0
  m_StaticBatchRoot: {fileID: 0}
  m_ProbeAnchor: {fileID: 0}
  m_LightProbeVolumeOverride: {fileID: 0}
  m_ScaleInLightmap: 1
  m_PreserveUVs: 0
  m_IgnoreNormalsForChartDetection: 0
  m_ImportantGI: 0
  m_SelectedEditorRenderState: 3
  m_MinimumChartSize: 4
  m_AutoUVMaxDistance: 0.5
  m_AutoUVMaxAngle: 89
  m_LightmapParameters: {fileID: 0}
  m_SortingLayerID: 0
  m_SortingLayer: 0
  m_SortingOrder: 3
--- !u!23 &2380072
MeshRenderer:
  m_ObjectHideFlags: 1
  m_PrefabParentObject: {fileID: 0}
  m_PrefabInternal: {fileID: 100100000}
  m_GameObject: {fileID: 183308}
  m_Enabled: 1
  m_CastShadows: 1
  m_ReceiveShadows: 1
  m_MotionVectors: 1
  m_LightProbeUsage: 1
  m_ReflectionProbeUsage: 1
  m_Materials:
  - {fileID: 2100000, guid: c846dbb2f23de8b4e8984133524c1194, type: 2}
  m_StaticBatchInfo:
    firstSubMesh: 0
    subMeshCount: 0
  m_StaticBatchRoot: {fileID: 0}
  m_ProbeAnchor: {fileID: 0}
  m_LightProbeVolumeOverride: {fileID: 0}
  m_ScaleInLightmap: 1
  m_PreserveUVs: 0
  m_IgnoreNormalsForChartDetection: 0
  m_ImportantGI: 0
  m_SelectedEditorRenderState: 3
  m_MinimumChartSize: 4
  m_AutoUVMaxDistance: 0.5
  m_AutoUVMaxAngle: 89
  m_LightmapParameters: {fileID: 0}
  m_SortingLayerID: 0
  m_SortingLayer: 0
  m_SortingOrder: -2
--- !u!23 &2380906
MeshRenderer:
  m_ObjectHideFlags: 1
  m_PrefabParentObject: {fileID: 0}
  m_PrefabInternal: {fileID: 100100000}
  m_GameObject: {fileID: 183534}
  m_Enabled: 1
  m_CastShadows: 1
  m_ReceiveShadows: 1
  m_MotionVectors: 1
  m_LightProbeUsage: 1
  m_ReflectionProbeUsage: 1
  m_Materials:
  - {fileID: 2100000, guid: 6b2293e920666ab49b7b23ae71712f38, type: 2}
  m_StaticBatchInfo:
    firstSubMesh: 0
    subMeshCount: 0
  m_StaticBatchRoot: {fileID: 0}
  m_ProbeAnchor: {fileID: 0}
  m_LightProbeVolumeOverride: {fileID: 0}
  m_ScaleInLightmap: 1
  m_PreserveUVs: 0
  m_IgnoreNormalsForChartDetection: 0
  m_ImportantGI: 0
  m_SelectedEditorRenderState: 3
  m_MinimumChartSize: 4
  m_AutoUVMaxDistance: 0.5
  m_AutoUVMaxAngle: 89
  m_LightmapParameters: {fileID: 0}
  m_SortingLayerID: 0
  m_SortingLayer: 0
  m_SortingOrder: -1
--- !u!23 &2398708
MeshRenderer:
  m_ObjectHideFlags: 1
  m_PrefabParentObject: {fileID: 0}
  m_PrefabInternal: {fileID: 100100000}
  m_GameObject: {fileID: 181758}
  m_Enabled: 1
  m_CastShadows: 1
  m_ReceiveShadows: 1
  m_MotionVectors: 1
  m_LightProbeUsage: 1
  m_ReflectionProbeUsage: 1
  m_Materials:
  - {fileID: 2100000, guid: 9a96f079151c76b4ca61e40af9070ed2, type: 2}
  m_StaticBatchInfo:
    firstSubMesh: 0
    subMeshCount: 0
  m_StaticBatchRoot: {fileID: 0}
  m_ProbeAnchor: {fileID: 0}
  m_LightProbeVolumeOverride: {fileID: 0}
  m_ScaleInLightmap: 1
  m_PreserveUVs: 0
  m_IgnoreNormalsForChartDetection: 0
  m_ImportantGI: 0
  m_SelectedEditorRenderState: 3
  m_MinimumChartSize: 4
  m_AutoUVMaxDistance: 0.5
  m_AutoUVMaxAngle: 89
  m_LightmapParameters: {fileID: 0}
  m_SortingLayerID: 0
  m_SortingLayer: 0
  m_SortingOrder: -1
--- !u!33 &3305100
MeshFilter:
  m_ObjectHideFlags: 1
  m_PrefabParentObject: {fileID: 0}
  m_PrefabInternal: {fileID: 100100000}
  m_GameObject: {fileID: 118634}
  m_Mesh: {fileID: 4300000, guid: 72e9928818aea8740b1680ac27ada61e, type: 2}
--- !u!33 &3316498
MeshFilter:
  m_ObjectHideFlags: 1
  m_PrefabParentObject: {fileID: 0}
  m_PrefabInternal: {fileID: 100100000}
  m_GameObject: {fileID: 183534}
  m_Mesh: {fileID: 4300000, guid: 2c9724fa999ec1944aa1297ffdb22174, type: 2}
--- !u!33 &3319268
MeshFilter:
  m_ObjectHideFlags: 1
  m_PrefabParentObject: {fileID: 0}
  m_PrefabInternal: {fileID: 100100000}
  m_GameObject: {fileID: 120124}
  m_Mesh: {fileID: 4300000, guid: 8e50725593a220d4fb9e0e23e7266dd9, type: 2}
--- !u!33 &3322862
MeshFilter:
  m_ObjectHideFlags: 1
  m_PrefabParentObject: {fileID: 0}
  m_PrefabInternal: {fileID: 100100000}
  m_GameObject: {fileID: 142862}
  m_Mesh: {fileID: 4300000, guid: 0f028951d6e7444489ce35de33a3e870, type: 2}
--- !u!33 &3325778
MeshFilter:
  m_ObjectHideFlags: 1
  m_PrefabParentObject: {fileID: 0}
  m_PrefabInternal: {fileID: 100100000}
  m_GameObject: {fileID: 111280}
  m_Mesh: {fileID: 4300000, guid: 6b012c421c8a21c40974c7d3edf1bfbe, type: 2}
--- !u!33 &3333834
MeshFilter:
  m_ObjectHideFlags: 1
  m_PrefabParentObject: {fileID: 0}
  m_PrefabInternal: {fileID: 100100000}
  m_GameObject: {fileID: 155798}
  m_Mesh: {fileID: 4300000, guid: 7ade3e9bc3877b244a60b3f057fb47f6, type: 2}
--- !u!33 &3334170
MeshFilter:
  m_ObjectHideFlags: 1
  m_PrefabParentObject: {fileID: 0}
  m_PrefabInternal: {fileID: 100100000}
  m_GameObject: {fileID: 141484}
  m_Mesh: {fileID: 4300000, guid: 3d339e3d3fd1db94eab5025bf5d3376a, type: 2}
--- !u!33 &3335732
MeshFilter:
  m_ObjectHideFlags: 1
  m_PrefabParentObject: {fileID: 0}
  m_PrefabInternal: {fileID: 100100000}
  m_GameObject: {fileID: 157026}
  m_Mesh: {fileID: 4300000, guid: cf2f3c9698500124cb718d2d439e1632, type: 2}
--- !u!33 &3354100
MeshFilter:
  m_ObjectHideFlags: 1
  m_PrefabParentObject: {fileID: 0}
  m_PrefabInternal: {fileID: 100100000}
  m_GameObject: {fileID: 195240}
  m_Mesh: {fileID: 4300000, guid: af22675239affe8409d4d237d678603d, type: 2}
--- !u!33 &3363398
MeshFilter:
  m_ObjectHideFlags: 1
  m_PrefabParentObject: {fileID: 0}
  m_PrefabInternal: {fileID: 100100000}
  m_GameObject: {fileID: 108216}
  m_Mesh: {fileID: 4300000, guid: ede9b1f87f2461e42b3691576624ddae, type: 2}
--- !u!33 &3369144
MeshFilter:
  m_ObjectHideFlags: 1
  m_PrefabParentObject: {fileID: 0}
  m_PrefabInternal: {fileID: 100100000}
  m_GameObject: {fileID: 157976}
  m_Mesh: {fileID: 4300000, guid: 4cf70c4bd2ffffc4e9ce3d83e8da0081, type: 2}
--- !u!33 &3372118
MeshFilter:
  m_ObjectHideFlags: 1
  m_PrefabParentObject: {fileID: 0}
  m_PrefabInternal: {fileID: 100100000}
  m_GameObject: {fileID: 181758}
  m_Mesh: {fileID: 4300000, guid: da7e2108058534c498aa6bf9c4b8e71f, type: 2}
--- !u!33 &3372980
MeshFilter:
  m_ObjectHideFlags: 1
  m_PrefabParentObject: {fileID: 0}
  m_PrefabInternal: {fileID: 100100000}
  m_GameObject: {fileID: 164254}
  m_Mesh: {fileID: 4300000, guid: 92c840f515b20c94bb256901ff233b1d, type: 2}
--- !u!33 &3387082
MeshFilter:
  m_ObjectHideFlags: 1
  m_PrefabParentObject: {fileID: 0}
  m_PrefabInternal: {fileID: 100100000}
  m_GameObject: {fileID: 196828}
  m_Mesh: {fileID: 4300000, guid: b76f39f65ed19a94a874295e0be0e67a, type: 2}
--- !u!33 &3388424
MeshFilter:
  m_ObjectHideFlags: 1
  m_PrefabParentObject: {fileID: 0}
  m_PrefabInternal: {fileID: 100100000}
  m_GameObject: {fileID: 183308}
  m_Mesh: {fileID: 4300000, guid: f2b913d4b54fef446ab10d5e9e5a9ed8, type: 2}
--- !u!33 &3391214
MeshFilter:
  m_ObjectHideFlags: 1
  m_PrefabParentObject: {fileID: 0}
  m_PrefabInternal: {fileID: 100100000}
  m_GameObject: {fileID: 171932}
  m_Mesh: {fileID: 4300000, guid: 526a3055308712f4ea7e2aba73db930e, type: 2}
--- !u!114 &11401178
MonoBehaviour:
  m_ObjectHideFlags: 1
  m_PrefabParentObject: {fileID: 0}
  m_PrefabInternal: {fileID: 100100000}
  m_GameObject: {fileID: 142862}
  m_Enabled: 1
  m_EditorHideFlags: 0
  m_Script: {fileID: 11500000, guid: a653489e23bfc9d459ccae28b8f68df3, type: 3}
  m_Name: 
  m_EditorClassIdentifier: 
  offsetAmount: {x: 0, y: 0}
  uvsDefault:
  - {x: 0.99999994, y: 0.7}
  - {x: 0.21212123, y: 0.99999994}
  - {x: 0.000000045155033, y: 0.9777777}
  - {x: 0.000000045155033, y: 0.00000006622738}
  - {x: 0.45454547, y: 0.00000006622738}
  - {x: 0.99999994, y: 0.94444436}
  - {x: 0.8787879, y: 0.99999994}
  initialized: 1
  bounds:
    m_Center: {x: 0.026000008, y: -2.595, z: 0}
    m_Extent: {x: 0.165, y: 0.45000005, z: 0.1}
--- !u!114 &11411370
MonoBehaviour:
  m_ObjectHideFlags: 1
  m_PrefabParentObject: {fileID: 0}
  m_PrefabInternal: {fileID: 100100000}
  m_GameObject: {fileID: 181758}
  m_Enabled: 1
  m_EditorHideFlags: 0
  m_Script: {fileID: 11500000, guid: a653489e23bfc9d459ccae28b8f68df3, type: 3}
  m_Name: 
  m_EditorClassIdentifier: 
  offsetAmount: {x: 0, y: 0}
  uvsDefault:
  - {x: 0.021818204, y: 0.5163934}
  - {x: 0, y: 0.44262296}
  - {x: 0.047272727, y: 0.2704918}
  - {x: 0, y: 0.3237705}
  - {x: 0.036363646, y: 0.55737704}
  - {x: 0.07636365, y: 0.22131148}
  - {x: 0.098181814, y: 0.1885246}
  - {x: 0.08000001, y: 0.6557377}
  - {x: 0.14545456, y: 0.13524592}
  - {x: 0.2, y: 0.090163946}
  - {x: 0.12363637, y: 0.72540987}
  - {x: 0.29454544, y: 0.040983614}
  - {x: 0.3490909, y: 0.020491833}
  - {x: 0.21454547, y: 0.8360656}
  - {x: 0.64, y: 0.04918033}
  - {x: 0.42545456, y: 0}
  - {x: 0.37454545, y: 0.008196762}
  - {x: 0.55636364, y: 0}
  - {x: 0.75272727, y: 0.13524592}
  - {x: 0.29090908, y: 0.897541}
  - {x: 0.31272727, y: 0.9139344}
  - {x: 0.83272725, y: 0.2008197}
  - {x: 0.40727273, y: 0.9672131}
  - {x: 0.89454544, y: 0.8114754}
  - {x: 0.8109091, y: 0.9139344}
  - {x: 0.68363637, y: 0.9877049}
  - {x: 0.48, y: 0.9959016}
  - {x: 0.49454546, y: 1}
  - {x: 0.65090907, y: 1}
  - {x: 0.76363635, y: 0.9508197}
  - {x: 0.92727274, y: 0.75409836}
  - {x: 0.96363634, y: 0.66803277}
  - {x: 0.9781818, y: 0.61885244}
  - {x: 0.9927273, y: 0.5491803}
  - {x: 0.92, y: 0.27868855}
  - {x: 1, y: 0.51229507}
  - {x: 1, y: 0.3647541}
  initialized: 1
  bounds:
    m_Center: {x: 0.0019999743, y: 2.0700002, z: 0}
    m_Extent: {x: 1.375, y: 1.22, z: 0.1}
--- !u!114 &11411484
MonoBehaviour:
  m_ObjectHideFlags: 1
  m_PrefabParentObject: {fileID: 0}
  m_PrefabInternal: {fileID: 100100000}
  m_GameObject: {fileID: 171932}
  m_Enabled: 1
  m_EditorHideFlags: 0
  m_Script: {fileID: 11500000, guid: a653489e23bfc9d459ccae28b8f68df3, type: 3}
  m_Name: 
  m_EditorClassIdentifier: 
  offsetAmount: {x: 0, y: 0}
  uvsDefault:
  - {x: 0.18902439, y: 0.06859208}
  - {x: 0.05487807, y: 0.51263535}
  - {x: 0, y: 0.42238268}
  - {x: 0.08536585, y: 0.1263538}
  - {x: 0, y: 0.23104693}
  - {x: 0.012195147, y: 0.20216607}
  - {x: 0.8719512, y: 0.5090253}
  - {x: 1, y: 0.32490975}
  - {x: 0.25, y: 0.039711196}
  - {x: 0.40853658, y: 0}
  - {x: 0.6707317, y: 0}
  - {x: 0.8109756, y: 0.039711196}
  - {x: 0.7134146, y: 0.0036101048}
  - {x: 0.95731705, y: 0.13357401}
  - {x: 1, y: 0.18772563}
  - {x: 0.9817073, y: 0.37906137}
  - {x: 0.11585366, y: 0.566787}
  - {x: 0.09146344, y: 0.55595666}
  - {x: 0.75, y: 0.6859206}
  - {x: 0.7743902, y: 0.6787003}
  - {x: 0.902439, y: 0.5306859}
  - {x: 0.902439, y: 0.5270758}
  - {x: 0.12804876, y: 0.63898915}
  - {x: 0.46341464, y: 0.9711191}
  - {x: 0.18292683, y: 0.9494585}
  - {x: 0.27439025, y: 1}
  - {x: 0.40243903, y: 1}
  - {x: 0.41463414, y: 0.99638987}
  - {x: 0.25, y: 0.99638987}
  initialized: 1
  bounds:
    m_Center: {x: 0.16000003, y: -0.61, z: 0}
    m_Extent: {x: 0.82, y: 1.385, z: 0.1}
--- !u!114 &11416202
MonoBehaviour:
  m_ObjectHideFlags: 1
  m_PrefabParentObject: {fileID: 0}
  m_PrefabInternal: {fileID: 100100000}
  m_GameObject: {fileID: 196828}
  m_Enabled: 1
  m_EditorHideFlags: 0
  m_Script: {fileID: 11500000, guid: a653489e23bfc9d459ccae28b8f68df3, type: 3}
  m_Name: 
  m_EditorClassIdentifier: 
  offsetAmount: {x: 0, y: 0}
  uvsDefault:
  - {x: 0.23684211, y: 0.5903615}
  - {x: 0, y: 0.16867466}
  - {x: 0.65789473, y: 0.37349397}
  - {x: 0.4473684, y: 0.060240947}
  - {x: 0, y: 0.036144547}
  - {x: 0.34210527, y: -0.000000035906417}
  - {x: 0.07894737, y: -0.000000035906417}
  - {x: 0.84210527, y: 0.60240966}
  - {x: 0.42105263, y: 0.9277109}
  - {x: 1, y: 0.78313255}
  - {x: 0.55263156, y: 1}
  - {x: 0.4473684, y: 0.96385545}
  - {x: 0.92105263, y: 1}
  - {x: 1, y: 0.97590363}
  initialized: 1
  bounds:
    m_Center: {x: 0.062000006, y: 0.96800005, z: 0}
    m_Extent: {x: 0.19, y: 0.41499996, z: 0.1}
--- !u!114 &11420068
MonoBehaviour:
  m_ObjectHideFlags: 1
  m_PrefabParentObject: {fileID: 0}
  m_PrefabInternal: {fileID: 100100000}
  m_GameObject: {fileID: 118634}
  m_Enabled: 1
  m_EditorHideFlags: 0
  m_Script: {fileID: 11500000, guid: a653489e23bfc9d459ccae28b8f68df3, type: 3}
  m_Name: 
  m_EditorClassIdentifier: 
  offsetAmount: {x: 0, y: 0}
  uvsDefault:
  - {x: 0.000000037252903, y: 0.9337748}
  - {x: 0.25000003, y: 1}
  - {x: 0.20000002, y: 0.9933775}
  - {x: 0.99999994, y: 0.9403973}
  - {x: 0.72499996, y: 1}
  - {x: 0.97499996, y: 0.95364237}
  - {x: 0.99999994, y: 0.6821192}
  - {x: 0.000000037252903, y: 0.29139072}
  - {x: 0.925, y: 0.33774835}
  - {x: 0.8, y: 0.05960267}
  - {x: 0.050000027, y: 0.05298012}
  - {x: 0.12500003, y: 0}
  - {x: 0.72499996, y: 0}
  initialized: 1
  bounds:
    m_Center: {x: -0.10000001, y: -0.04000002, z: 0}
    m_Extent: {x: 0.2, y: 0.755, z: 0.1}
--- !u!114 &11425312
MonoBehaviour:
  m_ObjectHideFlags: 1
  m_PrefabParentObject: {fileID: 0}
  m_PrefabInternal: {fileID: 100100000}
  m_GameObject: {fileID: 141484}
  m_Enabled: 1
  m_EditorHideFlags: 0
  m_Script: {fileID: 11500000, guid: a653489e23bfc9d459ccae28b8f68df3, type: 3}
  m_Name: 
  m_EditorClassIdentifier: 
  offsetAmount: {x: 0, y: 0}
  uvsDefault:
  - {x: 0.99999994, y: 0.7}
  - {x: 0.21212123, y: 0.99999994}
  - {x: 0.000000045155033, y: 0.9777777}
  - {x: 0.000000045155033, y: 0.00000006622738}
  - {x: 0.45454547, y: 0.00000006622738}
  - {x: 0.99999994, y: 0.94444436}
  - {x: 0.8787879, y: 0.99999994}
  initialized: 1
  bounds:
    m_Center: {x: 0.026000008, y: -2.595, z: 0}
    m_Extent: {x: 0.165, y: 0.45000005, z: 0.1}
--- !u!114 &11426144
MonoBehaviour:
  m_ObjectHideFlags: 1
  m_PrefabParentObject: {fileID: 0}
  m_PrefabInternal: {fileID: 100100000}
  m_GameObject: {fileID: 145044}
  m_Enabled: 1
  m_EditorHideFlags: 0
  m_Script: {fileID: 11500000, guid: 4b26f48954cb147b3aa11d49d1ad9513, type: 3}
  m_Name: 
  m_EditorClassIdentifier: 
  startRotationY: 0
  _SplineControls: []
  _Ikhandles: []
  _ParentControls: []
  _ffdControls: []
  _Controls: []
  _Bones: []
  _FFDControls: []
  ControlsVisiblity: 1
  BonesVisiblity: 1
  FFD_Visiblity: 1
  CombineMeshes: 0
  flip: 0
  AutoRefresh: 1
  ControlsEnabled: 1
  lateUpdate: 1
  _flipCorrection: 1
--- !u!114 &11430968
MonoBehaviour:
  m_ObjectHideFlags: 1
  m_PrefabParentObject: {fileID: 0}
  m_PrefabInternal: {fileID: 100100000}
  m_GameObject: {fileID: 120124}
  m_Enabled: 1
  m_EditorHideFlags: 0
  m_Script: {fileID: 11500000, guid: a653489e23bfc9d459ccae28b8f68df3, type: 3}
  m_Name: 
  m_EditorClassIdentifier: 
  offsetAmount: {x: 0, y: 0}
  uvsDefault:
  - {x: 0.014285701, y: 0.48}
  - {x: 0.0035714253, y: 0.39200002}
  - {x: 0.07142859, y: 0.26000002}
  - {x: 0.0035714253, y: 0.336}
  - {x: 0.13928571, y: 0.216}
  - {x: 0.03928572, y: 0.564}
  - {x: 0.08571429, y: 0.656}
  - {x: 0.18571427, y: 0.2}
  - {x: 0.2857143, y: 0.2}
  - {x: 0.34285715, y: 0.216}
  - {x: 0.12857144, y: 0.724}
  - {x: 0.21785715, y: 0.832}
  - {x: 0.31428573, y: 0.912}
  - {x: 0.40714285, y: 0.96}
  - {x: 0.8035714, y: 0.908}
  - {x: 0.47857141, y: 0.98800004}
  - {x: 0.75714284, y: 0.944}
  - {x: 0.68214285, y: 0.98399997}
  - {x: 0.63214284, y: 1}
  - {x: 0.5107143, y: 1}
  - {x: 0.8857143, y: 0.80799997}
  - {x: 0.92142856, y: 0.388}
  - {x: 0.9285714, y: 0.46}
  - {x: 0.9178571, y: 0.752}
  - {x: 0.95714283, y: 0.668}
  - {x: 0.9857143, y: 0.556}
  - {x: 0.99285716, y: 0.5}
  - {x: 0.94285715, y: 0.436}
  - {x: 0.9607143, y: 0.412}
  - {x: 0.99285716, y: 0.39200002}
  - {x: 0.98214287, y: 0.388}
  - {x: 0.49285713, y: 0.13200001}
  - {x: 0.38214287, y: 0.15600002}
  - {x: 0.3607143, y: 0.18000002}
  - {x: 0.43571427, y: 0.12799999}
  - {x: 0.5321429, y: 0.096}
  - {x: 0.8642857, y: 0.07200003}
  - {x: 0.7607143, y: 0.007999992}
  - {x: 0.725, y: 0}
  - {x: 0.5857143, y: 0.032000016}
  - {x: 0.65, y: 0}
  - {x: 0.9178571, y: 0.272}
  - {x: 0.89285713, y: 0.096}
  - {x: 0.9464286, y: 0.172}
  - {x: 0.97499996, y: 0.192}
  - {x: 0.9785714, y: 0.264}
  - {x: 1, y: 0.224}
  - {x: 1, y: 0.248}
  initialized: 1
  bounds:
    m_Center: {x: 0, y: 2.055, z: 0}
    m_Extent: {x: 1.4, y: 1.25, z: 0.1}
--- !u!114 &11435308
MonoBehaviour:
  m_ObjectHideFlags: 1
  m_PrefabParentObject: {fileID: 0}
  m_PrefabInternal: {fileID: 100100000}
  m_GameObject: {fileID: 111280}
  m_Enabled: 1
  m_EditorHideFlags: 0
  m_Script: {fileID: 11500000, guid: a653489e23bfc9d459ccae28b8f68df3, type: 3}
  m_Name: 
  m_EditorClassIdentifier: 
  offsetAmount: {x: 0, y: 0}
  uvsDefault:
  - {x: 0.24193549, y: 1.0000002}
  - {x: 0, y: 1.0000002}
  - {x: 0, y: -0.00000018172155}
  - {x: 0.5, y: 0.6097561}
  - {x: 0.9516129, y: 0.12195107}
  - {x: 1, y: -0.00000018172155}
  - {x: 1, y: 0.024390085}
  initialized: 1
  bounds:
    m_Center: {x: 0.16999999, y: -3.1, z: 0}
    m_Extent: {x: 0.31, y: 0.20499992, z: 0.1}
--- !u!114 &11437460
MonoBehaviour:
  m_ObjectHideFlags: 1
  m_PrefabParentObject: {fileID: 0}
  m_PrefabInternal: {fileID: 100100000}
  m_GameObject: {fileID: 183534}
  m_Enabled: 1
  m_EditorHideFlags: 0
  m_Script: {fileID: 11500000, guid: a653489e23bfc9d459ccae28b8f68df3, type: 3}
  m_Name: 
  m_EditorClassIdentifier: 
  offsetAmount: {x: 0, y: 0}
  uvsDefault:
  - {x: 0.09345796, y: 0.82905984}
  - {x: 0.00000005570527, y: 0.73504275}
  - {x: 0.24299066, y: 0.09401704}
  - {x: 0.00000005570527, y: 0.4957265}
  - {x: 0.07476639, y: 0.102564044}
  - {x: 0.91588783, y: 0.3333333}
  - {x: 0.55140185, y: 0.05128201}
  - {x: 0.49532712, y: -0.00000005094415}
  - {x: 0.30841124, y: -0.00000005094415}
  - {x: 0.71028036, y: 0.102564044}
  - {x: 0.24299066, y: 0.87179494}
  - {x: 0.69158876, y: 0.8461539}
  - {x: 0.85981303, y: 0.7863248}
  - {x: 0.99999994, y: 0.47008547}
  - {x: 0.99999994, y: 0.64102566}
  - {x: 0.37383178, y: 0.957265}
  - {x: 0.5794392, y: 1}
  - {x: 0.6542056, y: 0.948718}
  - {x: 0.43925235, y: 1}
  - {x: 0.41121495, y: 0.99145305}
  initialized: 1
  bounds:
    m_Center: {x: 0.125, y: -1.86, z: 0}
    m_Extent: {x: 0.535, y: 0.5849999, z: 0.1}
--- !u!114 &11452848
MonoBehaviour:
  m_ObjectHideFlags: 1
  m_PrefabParentObject: {fileID: 0}
  m_PrefabInternal: {fileID: 100100000}
  m_GameObject: {fileID: 195240}
  m_Enabled: 1
  m_EditorHideFlags: 0
  m_Script: {fileID: 11500000, guid: a653489e23bfc9d459ccae28b8f68df3, type: 3}
  m_Name: 
  m_EditorClassIdentifier: 
  offsetAmount: {x: 0, y: 0}
  uvsDefault:
  - {x: 0, y: 0.9876543}
  - {x: 0.8076923, y: 1}
  - {x: 0.038461532, y: 1}
  - {x: 1, y: 0.91358024}
  - {x: 0.9230769, y: 0.9876543}
  - {x: 1, y: 0.44444445}
  - {x: 0, y: 0.17283951}
  - {x: 0.9615385, y: 0.16049379}
  - {x: 0.7692308, y: -0.000000036792994}
  - {x: 0.076923065, y: -0.000000036792994}
  initialized: 1
  bounds:
    m_Center: {x: -0.13, y: -0.96000004, z: 0}
    m_Extent: {x: 0.13, y: 0.40499997, z: 0.1}
--- !u!114 &11460504
MonoBehaviour:
  m_ObjectHideFlags: 1
  m_PrefabParentObject: {fileID: 0}
  m_PrefabInternal: {fileID: 100100000}
  m_GameObject: {fileID: 164254}
  m_Enabled: 1
  m_EditorHideFlags: 0
  m_Script: {fileID: 11500000, guid: a653489e23bfc9d459ccae28b8f68df3, type: 3}
  m_Name: 
  m_EditorClassIdentifier: 
  offsetAmount: {x: 0, y: 0}
  uvsDefault:
  - {x: 0.24193549, y: 1.0000002}
  - {x: 0, y: 1.0000002}
  - {x: 0, y: -0.00000018172155}
  - {x: 0.5, y: 0.6097561}
  - {x: 0.9516129, y: 0.12195107}
  - {x: 1, y: -0.00000018172155}
  - {x: 1, y: 0.024390085}
  initialized: 1
  bounds:
    m_Center: {x: 0.16999999, y: -3.1, z: 0}
    m_Extent: {x: 0.31, y: 0.20499992, z: 0.1}
--- !u!114 &11468700
MonoBehaviour:
  m_ObjectHideFlags: 1
  m_PrefabParentObject: {fileID: 0}
  m_PrefabInternal: {fileID: 100100000}
  m_GameObject: {fileID: 157026}
  m_Enabled: 1
  m_EditorHideFlags: 0
  m_Script: {fileID: 11500000, guid: a653489e23bfc9d459ccae28b8f68df3, type: 3}
  m_Name: 
  m_EditorClassIdentifier: 
  offsetAmount: {x: 0, y: 0}
  uvsDefault:
  - {x: 0.21052632, y: 0.99999994}
  - {x: 0, y: 0.5}
  - {x: 0.65789473, y: 0.99999994}
  - {x: 1, y: 0.5}
  - {x: 1, y: 0.7708333}
  - {x: 0.92105263, y: 0.375}
  - {x: 0.65789473, y: 0.000000031044085}
  - {x: 1, y: 0.10416669}
  - {x: 0.18421052, y: 0.000000031044085}
  - {x: 0, y: 0.14583334}
  initialized: 1
  bounds:
    m_Center: {x: -0.11000001, y: -1.46, z: 0}
    m_Extent: {x: 0.19, y: 0.24000001, z: 0.1}
--- !u!114 &11475306
MonoBehaviour:
  m_ObjectHideFlags: 1
  m_PrefabParentObject: {fileID: 0}
  m_PrefabInternal: {fileID: 100100000}
  m_GameObject: {fileID: 157976}
  m_Enabled: 1
  m_EditorHideFlags: 0
  m_Script: {fileID: 11500000, guid: a653489e23bfc9d459ccae28b8f68df3, type: 3}
  m_Name: 
  m_EditorClassIdentifier: 
  offsetAmount: {x: 0, y: 0}
  uvsDefault:
  - {x: 0.09345796, y: 0.82905984}
  - {x: 0.00000005570527, y: 0.73504275}
  - {x: 0.24299066, y: 0.09401704}
  - {x: 0.00000005570527, y: 0.4957265}
  - {x: 0.07476639, y: 0.102564044}
  - {x: 0.91588783, y: 0.3333333}
  - {x: 0.55140185, y: 0.05128201}
  - {x: 0.49532712, y: -0.00000005094415}
  - {x: 0.30841124, y: -0.00000005094415}
  - {x: 0.71028036, y: 0.102564044}
  - {x: 0.24299066, y: 0.87179494}
  - {x: 0.69158876, y: 0.8461539}
  - {x: 0.85981303, y: 0.7863248}
  - {x: 0.99999994, y: 0.47008547}
  - {x: 0.99999994, y: 0.64102566}
  - {x: 0.37383178, y: 0.957265}
  - {x: 0.5794392, y: 1}
  - {x: 0.6542056, y: 0.948718}
  - {x: 0.43925235, y: 1}
  - {x: 0.41121495, y: 0.99145305}
  initialized: 1
  bounds:
    m_Center: {x: 0.125, y: -1.86, z: 0}
    m_Extent: {x: 0.535, y: 0.5849999, z: 0.1}
--- !u!114 &11478668
MonoBehaviour:
  m_ObjectHideFlags: 1
  m_PrefabParentObject: {fileID: 0}
  m_PrefabInternal: {fileID: 100100000}
  m_GameObject: {fileID: 183308}
  m_Enabled: 1
  m_EditorHideFlags: 0
  m_Script: {fileID: 11500000, guid: a653489e23bfc9d459ccae28b8f68df3, type: 3}
  m_Name: 
  m_EditorClassIdentifier: 
  offsetAmount: {x: 0, y: 0}
  uvsDefault:
  - {x: 0, y: 0.9876543}
  - {x: 0.8076923, y: 1}
  - {x: 0.038461532, y: 1}
  - {x: 1, y: 0.91358024}
  - {x: 0.9230769, y: 0.9876543}
  - {x: 1, y: 0.44444445}
  - {x: 0, y: 0.17283951}
  - {x: 0.9615385, y: 0.16049379}
  - {x: 0.7692308, y: -0.000000036792994}
  - {x: 0.076923065, y: -0.000000036792994}
  initialized: 1
  bounds:
    m_Center: {x: -0.13, y: -0.96000004, z: 0}
    m_Extent: {x: 0.13, y: 0.40499997, z: 0.1}
--- !u!114 &11490480
MonoBehaviour:
  m_ObjectHideFlags: 1
  m_PrefabParentObject: {fileID: 0}
  m_PrefabInternal: {fileID: 100100000}
  m_GameObject: {fileID: 108216}
  m_Enabled: 1
  m_EditorHideFlags: 0
  m_Script: {fileID: 11500000, guid: a653489e23bfc9d459ccae28b8f68df3, type: 3}
  m_Name: 
  m_EditorClassIdentifier: 
  offsetAmount: {x: 0, y: 0}
  uvsDefault:
  - {x: 0.21052632, y: 0.99999994}
  - {x: 0, y: 0.5}
  - {x: 0.65789473, y: 0.99999994}
  - {x: 1, y: 0.5}
  - {x: 1, y: 0.7708333}
  - {x: 0.92105263, y: 0.375}
  - {x: 0.65789473, y: 0.000000031044085}
  - {x: 1, y: 0.10416669}
  - {x: 0.18421052, y: 0.000000031044085}
  - {x: 0, y: 0.14583334}
  initialized: 1
  bounds:
    m_Center: {x: -0.11000001, y: -1.46, z: 0}
    m_Extent: {x: 0.19, y: 0.24000001, z: 0.1}
--- !u!114 &11494476
MonoBehaviour:
  m_ObjectHideFlags: 1
  m_PrefabParentObject: {fileID: 0}
  m_PrefabInternal: {fileID: 100100000}
  m_GameObject: {fileID: 155798}
  m_Enabled: 1
  m_EditorHideFlags: 0
  m_Script: {fileID: 11500000, guid: a653489e23bfc9d459ccae28b8f68df3, type: 3}
  m_Name: 
  m_EditorClassIdentifier: 
  offsetAmount: {x: 0, y: 0}
  uvsDefault:
  - {x: 0.000000037252903, y: 0.9337748}
  - {x: 0.25000003, y: 1}
  - {x: 0.20000002, y: 0.9933775}
  - {x: 0.99999994, y: 0.9403973}
  - {x: 0.72499996, y: 1}
  - {x: 0.97499996, y: 0.95364237}
  - {x: 0.99999994, y: 0.6821192}
  - {x: 0.000000037252903, y: 0.29139072}
  - {x: 0.925, y: 0.33774835}
  - {x: 0.8, y: 0.05960267}
  - {x: 0.050000027, y: 0.05298012}
  - {x: 0.12500003, y: 0}
  - {x: 0.72499996, y: 0}
  initialized: 1
  bounds:
    m_Center: {x: -0.10000001, y: -0.04000002, z: 0}
    m_Extent: {x: 0.2, y: 0.755, z: 0.1}
--- !u!1001 &100100000
Prefab:
  m_ObjectHideFlags: 1
  serializedVersion: 2
  m_Modification:
    m_TransformParent: {fileID: 0}
    m_Modifications: []
    m_RemovedComponents: []
  m_ParentPrefab: {fileID: 0}
  m_RootGameObject: {fileID: 145044}
  m_IsPrefabParent: 1
