%YAML 1.1
%TAG !u! tag:unity3d.com,2011:
--- !u!1001 &100100000
Prefab:
  m_ObjectHideFlags: 1
  serializedVersion: 2
  m_Modification:
    m_TransformParent: {fileID: 0}
    m_Modifications: []
    m_RemovedComponents: []
  m_ParentPrefab: {fileID: 0}
  m_RootGameObject: {fileID: 1740411061542626}
  m_IsPrefabParent: 1
--- !u!1 &1740411061542626
GameObject:
  m_ObjectHideFlags: 0
  m_PrefabParentObject: {fileID: 0}
  m_PrefabInternal: {fileID: 100100000}
  serializedVersion: 5
  m_Component:
  - component: {fileID: 4459763304257158}
  m_Layer: 0
  m_Name: Floor_Grass_6
  m_TagString: Untagged
  m_Icon: {fileID: 0}
  m_NavMeshLayer: 0
  m_StaticEditorFlags: 0
  m_IsActive: 1
--- !u!1 &1758958764506932
GameObject:
  m_ObjectHideFlags: 0
  m_PrefabParentObject: {fileID: 0}
  m_PrefabInternal: {fileID: 100100000}
  serializedVersion: 5
  m_Component:
  - component: {fileID: 4931715332358358}
  - component: {fileID: 114174026833263938}
  - component: {fileID: 114246179589993956}
  m_Layer: 0
  m_Name: Sprite
  m_TagString: Untagged
  m_Icon: {fileID: 0}
  m_NavMeshLayer: 0
  m_StaticEditorFlags: 0
  m_IsActive: 1
--- !u!4 &4459763304257158
Transform:
  m_ObjectHideFlags: 1
  m_PrefabParentObject: {fileID: 0}
  m_PrefabInternal: {fileID: 100100000}
  m_GameObject: {fileID: 1740411061542626}
  m_LocalRotation: {x: -0, y: -0, z: -0, w: 1}
  m_LocalPosition: {x: 1024, y: -259.93, z: 0}
  m_LocalScale: {x: 0.9984, y: 0.9984, z: 0.9984}
  m_Children:
  - {fileID: 4931715332358358}
  m_Father: {fileID: 0}
  m_RootOrder: 0
  m_LocalEulerAnglesHint: {x: 0, y: 0, z: 0}
--- !u!4 &4931715332358358
Transform:
  m_ObjectHideFlags: 1
  m_PrefabParentObject: {fileID: 0}
  m_PrefabInternal: {fileID: 100100000}
  m_GameObject: {fileID: 1758958764506932}
  m_LocalRotation: {x: 0, y: 0, z: 0, w: 1}
  m_LocalPosition: {x: 0, y: 0, z: 0}
  m_LocalScale: {x: 1, y: 1, z: 1}
  m_Children: []
  m_Father: {fileID: 4459763304257158}
  m_RootOrder: 0
  m_LocalEulerAnglesHint: {x: 0, y: 0, z: 0}
--- !u!114 &114174026833263938
MonoBehaviour:
  m_ObjectHideFlags: 1
  m_PrefabParentObject: {fileID: 0}
  m_PrefabInternal: {fileID: 100100000}
  m_GameObject: {fileID: 1758958764506932}
  m_Enabled: 1
  m_EditorHideFlags: 0
  m_Script: {fileID: 11500000, guid: 1b3dc54f924693f41b5cbecb267e647a, type: 3}
  m_Name: 
  m_EditorClassIdentifier: 
  leftAnchor:
    target: {fileID: 0}
    relative: 0
    absolute: 0
  rightAnchor:
    target: {fileID: 0}
    relative: 1
    absolute: 0
  bottomAnchor:
    target: {fileID: 0}
    relative: 0
    absolute: 0
  topAnchor:
    target: {fileID: 0}
    relative: 1
    absolute: 0
  updateAnchors: 1
  mColor: {r: 1, g: 1, b: 1, a: 1}
  mPivot: 4
  mWidth: 316
  mHeight: 168
  mDepth: 52400
  mMat: {fileID: 0}
  autoResizeBoxCollider: 0
  hideIfOffScreen: 0
  keepAspectRatio: 0
  aspectRatio: 1.8809524
  mType: 0
  mFillDirection: 4
  mFillAmount: 1
  mInvert: 0
  mFlip: 0
  mApplyGradient: 0
  mGradientTop: {r: 1, g: 1, b: 1, a: 1}
  mGradientBottom: {r: 0.7, g: 0.7, b: 0.7, a: 1}
  centerType: 1
  leftType: 1
  rightType: 1
  bottomType: 1
  topType: 1
  mAtlas: {fileID: 114999264803398698, guid: 0b22857ba3400044e927f30a9c6d1afc, type: 2}
  mSpriteName: touffe_herbe_6
  mFillCenter: 1
--- !u!114 &114246179589993956
MonoBehaviour:
  m_ObjectHideFlags: 1
  m_PrefabParentObject: {fileID: 0}
  m_PrefabInternal: {fileID: 100100000}
  m_GameObject: {fileID: 1758958764506932}
  m_Enabled: 1
  m_EditorHideFlags: 0
  m_Script: {fileID: 11500000, guid: fdc6b652d11d28f45971d339a37dd307, type: 3}
  m_Name: 
  m_EditorClassIdentifier: 
  ScaleXRange: {x: 0.75, y: 1.25}
  ScaleYRange: {x: 0.75, y: 1.25}
  IsProportionnal: 1
